@article{van2016package,
	title={Package 'horseshoe'},
	author={van der Pas, Stephanie and Scott, James and Chakraborty, Antik and Bhattacharya, Anirban},
	year={2016}
}

@article{zhang2018package,
	title={Package 'dlbayes'},
	author={Shijia Zhang and Meng Li},
	year={2018}
}

@article{ormerod2017vb,
	title={A variational Bayes approach to variable selection},
	author={Ormerod, John T and You, Chong and M{\' u}ller, Samuel},
	journal={Electronic Journal of Statistics},
	volume={11},
	number={2},
	pages={3549--3594},
	year={2017},
	publisher={EJS}
}

@article{Bhatt2016sampling,
	title={Fast sampling with Gaussian scale-mixture priors in high-dimensional regression},
	author={Bhattacharya, A and Chakraborty, A and Mallick, BK},
	journal={Biometrika},
	volume={103},
	number={4},
	pages={985--991},
	year={2016},
	publisher={Biometrika}
}

@article{van2017uncertainty,
	title={Uncertainty quantification for the horseshoe (with discussion)},
	author={van der Pas, St{\'e}phanie and Szab{\'o}, Botond and van der Vaart, Aad},
	journal={Bayesian Analysis},
	volume={12},
	number={4},
	pages={1221--1274},
	year={2017},
	publisher={International Society for Bayesian Analysis}
}

@article{van2017adaptive,
	title={Adaptive posterior contraction rates for the horseshoe},
	author={van der Pas, St{\'e}phanie and Szab{\'o}, Botond and van der Vaart, Aad},
	journal={Electronic Journal of Statistics},
	volume={11},
	number={2},
	pages={3196--3225},
	year={2017},
	publisher={The Institute of Mathematical Statistics and the Bernoulli Society}
}

@article{van2014horseshoe,
	title={The horsveshoe estimator: Posterior concentration around nearly black vectors},
	author={van der Pas, St{\'e}phanie L and Kleijn, Bas JK and van der Vaart, Aad W},
	journal={Electronic Journal of Statistics},
	volume={8},
	number={2},
	pages={2585--2618},
	year={2014},
	publisher={The Institute of Mathematical Statistics and the Bernoulli Society}
}

@article{bai2019large,
	title={Large-scale multiple hypothesis testing with the normal-beta prime prior},
	author={Bai, Ray and Ghosh, Malay},
	journal={Statistics},
	volume={53},
	number={6},
	pages={1210--1233},
	year={2019},
	publisher={Taylor \& Francis}
}

@book{bateman1953higher,
	title={Higher Transcendental Functions [Volumes I-III]},
	author={Bateman, Harry},
	volume={1},
	year={1953},
	publisher={McGraw-Hill Book Company}
}


@book{alvo2014statistical,
      title={Statistical methods for ranking data},
        author={Alvo, Mayer and Philip, LH},
          year={2014},
            publisher={Springer}
}
@article{armagan2013posterior,
      title={Posterior consistency in linear models under shrinkage priors},
        author={Armagan, Artin and Dunson, David B and Lee, Jaeyong and Bajwa, Waheed U and Strawn, Nate},
          journal={Biometrika},
            volume={100},
              number={4},
                pages={1011--1018},
                  year={2013},
                    publisher={Biometrika Trust}
}
@article{atchade2005adaptive,
      title={On adaptive markov chain monte carlo algorithms},
        author={Atchad{\'e}, Yves F and Rosenthal, Jeffrey S and others},
          journal={Bernoulli},
            volume={11},
              number={5},
                pages={815--828},
                  year={2005},
                    publisher={Bernoulli Society for Mathematical Statistics and Probability}
}
@article{beggs1981assessing,
      title={Assessing the potential demand for electric cars},
        author={Beggs, Steven and Cardell, Scott and Hausman, Jerry},
          journal={Journal of econometrics},
            volume={17},
              number={1},
                pages={1--19},
                  year={1981},
                    publisher={Elsevier}
}
@article{berger2006case,
	  title={The case for objective Bayesian analysis},
	    author={Berger, James},
	      journal={Bayesian analysis},
	        volume={1},
		  number={3},
		    pages={385--402},
		      year={2006},
		        publisher={International Society for Bayesian Analysis}
}
@article{bhattacharya2015dirichlet,
      title={Dirichlet--Laplace priors for optimal shrinkage},
        author={Bhattacharya, Anirban and Pati, Debdeep and Pillai, Natesh S and Dunson, David B},
          journal={Journal of the American Statistical Association},
            volume={110},
              number={512},
                pages={1479--1490},
                  year={2015},
                    publisher={Taylor \& Francis}
}
@article{bingham1974antipodally,
      title={An antipodally symmetric distribution on the sphere},
        author={Bingham, Christopher},
          journal={The Annals of Statistics},
            pages={1201--1225},
              year={1974},
                publisher={JSTOR}
}
@article{bondell2012consistent,
      title={Consistent high-dimensional Bayesian variable selection via penalized credible regions},
        author={Bondell, Howard D and Reich, Brian J},
          journal={Journal of the American Statistical Association},
            volume={107},
              number={500},
                pages={1610--1624},
                  year={2012},
                    publisher={Taylor \& Francis}
}
@article{bradley1952rank,
      title={Rank analysis of incomplete block designs: I. The method of paired comparisons},
        author={Bradley, Ralph Allan and Terry, Milton E},
          journal={Biometrika},
            volume={39},
              number={3/4},
                pages={324--345},
                  year={1952},
                    publisher={JSTOR}
}
@article{brown2001bayesian,
      title={Bayesian wavelet regression on curves with application to a spectroscopic calibration problem},
        author={Brown, Philip J and Fearn, T and Vannucci, Marina},
          journal={Journal of the American Statistical Association},
            volume={96},
              number={454},
                pages={398--408},
                  year={2001},
                    publisher={Taylor \& Francis}
}
@article{burgette2010symmetric,
      title={Symmetric Bayesian multinomial probit models},
        author={Burgette, Lane F and Hahn, P Richard},
          journal={Duke University Statistical Science Technical Report},
            pages={1--20},
              year={2010}
}
@article{burgette2012trace,
      title={The trace restriction: An alternative identification strategy for the Bayesian multinomial probit model},
        author={Burgette, Lane F and Nordheim, Erik V},
          journal={Journal of Business \& Economic Statistics},
            volume={30},
              number={3},
                pages={404--410},
                  year={2012},
                    publisher={Taylor \& Francis Group}
}
@article{burgette2013multiple,
      title={Multiple-shrinkage multinomial probit models with applications to simulating geographies in public use data},
        author={Burgette, Lane F and Reiter, Jerome P},
          journal={Bayesian analysis (Online)},
            volume={8},
              number={2},
                year={2013},
                  publisher={NIH Public Access}
}

@article{chaloner1983assessment,
      title={Assessment of a beta prior distribution: PM elicitation},
        author={Chaloner, Kathryn M and Duncan, George T},
          journal={The Statistician},
            pages={174--180},
              year={1983},
                publisher={JSTOR}
}
@article{chapman1982exploiting,
      title={Exploiting rank ordered choice set data within the stochastic utility model},
        author={Chapman, Randall G and Staelin, Richard},
          journal={Journal of marketing research},
            pages={288--301},
              year={1982},
                publisher={JSTOR}
}
@article{choy2009elicitation,
    title={Elicitation by design in ecology: using expert opinion to inform priors for Bayesian statistical models},
    author={Choy, Samantha Low and O'Leary, Rebecca and Mengersen, Kerrie},
    journal={Ecology},
    volume={90},
    number={1},
    pages={265--277},
    year={2009},
    publisher={Wiley Online Library}
}
@techreport{cook2010cauchy,
    title = {Asymptotic results for Normal-Cauchy model},
    author = {John D. Cook},
    year = {2010},
    institution = {University of Texas, M.D. Anderson Cancer Center, Department of Biostatistics},
    month = {09},
}
@article{cui2008empirical,
      title={Empirical Bayes vs. fully Bayes variable selection},
        author={Cui, Wen and George, Edward I},
          journal={Journal of Statistical Planning and Inference},
            volume={138},
              number={4},
                pages={888--900},
                  year={2008},
                    publisher={Elsevier}
}
@article{denham2007geographically,
      title={Geographically assisted elicitation of expert opinion for regression models},
        author={Denham, Robert and Mengersen, Kerrie},
          journal={Bayesian Analysis},
            volume={2},
              number={1},
                pages={99--135},
                  year={2007},
                    publisher={International Society for Bayesian Analysis}
}
@article{dickey1980beliefs,
	  title={Beliefs about beliefs, a theory for stochastic assessments of subjective probabilities},
	    author={Dickey, James M},
	      journal={Trabajos de estad{\'\i}stica y de investigaci{\'o}n operativa},
	        volume={31},
		  number={1},
		    pages={471--487},
		      year={1980},
		        publisher={Springer}
}
@article{donoho2015higher,
      title={Higher criticism for large-scale inference, especially for rare and weak effects},
        author={Donoho, David and Jin, Jiashun and others},
          journal={Statistical Science},
            volume={30},
              number={1},
                pages={1--25},
                  year={2015},
                    publisher={Institute of Mathematical Statistics}
}
@article{efron2004least,
      title={Least angle regression},
        author={Efron, Bradley and Hastie, Trevor and Johnstone, Iain and Tibshirani, Robert and others},
          journal={The Annals of statistics},
            volume={32},
              number={2},
                pages={407--499},
                  year={2004},
                    publisher={Institute of Mathematical Statistics}
}
@article{fallaize2016exact,
      title={Exact Bayesian inference for the Bingham distribution},
        author={Fallaize, Christopher J and Kypraios, Theodore},
          journal={Statistics and Computing},
            volume={26},
              number={1-2},
                pages={349--360},
                  year={2016},
                    publisher={Springer}
}
@article{fok2012rank,
      title={A Rank-Ordered Logit Model With Unobserved Heterogeneity In Ranking Capabilities},
        author={Fok, Dennis and Paap, Richard and Van Dijk, Bram},
          journal={Journal of applied econometrics},
            volume={27},
              number={5},
                pages={831--846},
                  year={2012},
                    publisher={Wiley Online Library}
}
@article{garthwaite1988quantifying,
      title={Quantifying expert opinion in linear regression problems},
        author={Garthwaite, Paul H and Dickey, James M},
          journal={Journal of the Royal Statistical Society. Series B (Methodological)},
            pages={462--474},
              year={1988},
                publisher={JSTOR}
}
@article{garthwaite1991elicitation,
      title={An elicitation method for multiple linear regression models},
        author={Garthwaite, Paul H and Dickey, James M},
          journal={Journal of Behavioral Decision Making},
            volume={4},
              number={1},
                pages={17--31},
                  year={1991},
                    publisher={Wiley Online Library}
}
@article{garthwaite1992elicitation,
      title={Elicitation of prior distributions for variable-selection problems in regression},
        author={Garthwaite, Paul H and Dickey, James M},
          journal={The Annals of Statistics},
            pages={1697--1719},
              year={1992},
                publisher={JSTOR}
}
@article{garthwaite1996quantifying,
      title={Quantifying and using expert opinion for variable-selection problems in regression},
        author={Garthwaite, Paul H and Dickey, James M},
          journal={Chemometrics and Intelligent Laboratory Systems},
            volume={35},
              number={1},
                pages={1--26},
                  year={1996},
                    publisher={Elsevier}
}
@article{garthwaite2000quantifying,
      title={Quantifying expert opinion in the UK water industry: an experimental study},
        author={Garthwaite, Paul H and O'Hagan, Anthony},
          journal={Journal of the Royal Statistical Society: Series D (The Statistician)},
            volume={49},
              number={4},
                pages={455--477},
                  year={2000},
                    publisher={Wiley Online Library}
}
@article{garthwaite2005statistical,
      title={Statistical methods for eliciting probability distributions},
        author={Garthwaite, Paul H and Kadane, Joseph B and O'Hagan, Anthony},
          journal={Journal of the American Statistical Association},
            volume={100},
              number={470},
                pages={680--701},
                  year={2005},
                    publisher={Taylor \& Francis}
}
@article{gavasakar1988comparison,
      title={A comparison of two elicitation methods for a prior distribution for a binomial parameter},
        author={Gavasakar, Umesh},
          journal={Management Science},
            volume={34},
              number={6},
                pages={784--790},
                  year={1988},
                    publisher={INFORMS}
}
@article{gelman2006prior,
  title={Prior distributions for variance parameters in hierarchical models},
  author={Gelman, Andrew},
  journal={Bayesian analysis},
  volume={1},
  number={3},
  pages={515--534},
  year={2006},
  publisher={International Society for Bayesian Analysis}
}
@article{gelman2008weakly,
      title={A weakly informative default prior distribution for logistic and other regression models},
        author={Gelman, Andrew and Jakulin, Aleks and Pittau, Maria Grazia and Su, Yu-Sung},
          journal={The Annals of Applied Statistics},
            pages={1360--1383},
              year={2008},
                publisher={JSTOR}
}
@article{ghosh2015bayesian,
      title={Bayesian variable selection under collinearity},
        author={Ghosh, Joyee and Ghattas, Andrew E},
          journal={The American Statistician},
            volume={69},
              number={3},
                pages={165--173},
                  year={2015},
                    publisher={Taylor \& Francis}
}
@article{ghosh2017use,
      title={On the use of Cauchy prior distributions for Bayesian logistic regression},
        author={Ghosh, Joyee and Li, Yingbo and Mitra, Robin and others},
          journal={Bayesian Analysis},
            year={2017},
              publisher={International Society for Bayesian Analysis}
}
@article{gill2005elicited,
      title={Elicited priors for Bayesian model specifications in political science research},
        author={Gill, Jeff and Walker, Lee D},
          journal={The Journal of Politics},
            volume={67},
              number={3},
                pages={841--872},
                  year={2005},
                    publisher={Cambridge University Press New York, USA}
}
@article{goldstein1999bayes,
      title={Bayes linear analysis},
        author={Goldstein, Michael},
          journal={Wiley StatsRef: Statistics Reference Online},
            year={1999},
              publisher={Wiley Online Library}
}
@article{goldstein2006subjective,
      title={Subjective Bayesian analysis: principles and practice},
        author={Goldstein, Michael},
          journal={Bayesian Analysis},
            volume={1},
              number={3},
                pages={403--420},
                  year={2006},
                    publisher={International Society for Bayesian Analysis}
}


@article{griffin2012structuring,
      title={Structuring shrinkage: some correlated priors for regression},
        author={Griffin, Jim E and Brown, Philip J},
          journal={Biometrika},
            pages={asr082},
              year={2012},
                publisher={Biometrika Trust}
}
@article{griffin2013some,
      title={Some priors for sparse regression modelling},
        author={Griffin, Jim E and Brown, Philip J},
          journal={Bayesian Analysis},
            volume={8},
              number={3},
                pages={691--702},
                  year={2013},
                    publisher={International Society for Bayesian Analysis}
}
@article{griffin2016hierarchical,
      title={Hierarchical Shrinkage Priors for Regression Models},
        author={Griffin, Jim and Brown, Phil},
          journal={Bayesian Analysis},
            year={2016},
              publisher={International Society for Bayesian Analysis}
}
@article{haario2001adaptive,
      title={An adaptive Metropolis algorithm},
        author={Haario, Heikki and Saksman, Eero and Tamminen, Johanna},
          journal={Bernoulli},
            pages={223--242},
              year={2001},
                publisher={JSTOR}
}
@article{hanson2014informative,
      title={Informative $ g $-Priors for Logistic Regression},
        author={Hanson, Timothy E and Branscum, Adam J and Johnson, Wesley O and others},
          journal={Bayesian Analysis},
            volume={9},
              number={3},
                pages={597--612},
                  year={2014},
                    publisher={International Society for Bayesian Analysis}
}
@article{hausman1987specifying,
      title={Specifying and testing econometric models for rank-ordered data},
        author={Hausman, Jerry A and Ruud, Paul A},
          journal={Journal of econometrics},
            volume={34},
              number={1-2},
                pages={83--104},
                  year={1987},
                    publisher={Elsevier}
}
@article{hogarth1975cognitive,
      title={Cognitive processes and the assessment of subjective probability distributions},
        author={Hogarth, Robin M},
          journal={Journal of the American statistical Association},
            volume={70},
              number={350},
                pages={271--289},
                  year={1975},
                    publisher={Taylor \& Francis}
}
@article{imai2005bayesian,
      title={A Bayesian analysis of the multinomial probit model using marginal data augmentation},
        author={Imai, Kosuke and van Dyk, David A},
          journal={Journal of econometrics},
            volume={124},
              number={2},
                pages={311--334},
                  year={2005},
                    publisher={Elsevier}
}
@article{imai2005mnp,
      title={MNP: R package for fitting the multinomial probit model},
        author={Imai, Kosuke and Van Dyk, David A and others},
          journal={Journal of Statistical Software},
            volume={14},
              number={3},
                pages={1--32},
                  year={2005},
                    publisher={Foundation for Open Access Statistics}
}
@book{jeffreys1961theory,
      title={The theory of probability},
        author={Jeffreys, Harold},
          year={1961},
          edition={3rd},
            publisher={Oxford University Press}
}
@article{jiao2015corrected,
      title={A corrected and more efficient suite of MCMC samplers for the multinomal probit model},
        author={Jiao, Xiyun and van Dyk, David A},
          journal={arXiv preprint arXiv:1504.07823},
            year={2015}
}
@article{johnson2010methods,
      title={Methods to elicit beliefs for Bayesian priors: a systematic review},
        author={Johnson, Sindhu R and Tomlinson, George A and Hawker, Gillian A and Granton, John T and Feldman, Brian M},
          journal={Journal of clinical epidemiology},
            volume={63},
              number={4},
                pages={355--369},
                  year={2010},
                    publisher={Elsevier}
}
@article{kadane1980predictive,
	  title={Predictive and structural methods for eliciting prior distributions},
	    author={Kadane, Joseph B},
	      journal={Bayesian Analysis in Econometrics and Statistics},
	        pages={89--93},
		  year={1980},
		    publisher={Amsterdam: North-Holland}
}
@article{kadane1980interactive,
	  title={Interactive elicitation of opinion for a normal linear model},
	    author={Kadane, Joseph B and Dickey, James M and Winkler, Robert L and Smith, Wayne S and Peters, Stephen C},
	      journal={Journal of the American Statistical Association},
	        volume={75},
		  number={372},
		    pages={845--854},
		      year={1980},
		        publisher={Taylor \& Francis}
}
@article{kadane1996priors,
      title={Priors for the design and analysis of clinical trials},
        author={Kadane, Joseph B and Wolfson, LJ},
          journal={STATISTICS TEXTBOOKS AND MONOGRAPHS},
            volume={151},
              pages={157--186},
                year={1996},
                  publisher={MARCEL DEKKER AG}
}
@article{kadane1998experiences,
      title={Experiences in elicitation},
        author={Kadane, Joseph and Wolfson, Lara J},
          journal={Journal of the Royal Statistical Society: Series D (The Statistician)},
            volume={47},
              number={1},
                pages={3--19},
                  year={1998},
                    publisher={Wiley Online Library}
}
@article{kass1996selection,
	  title={The selection of prior distributions by formal rules},
	    author={Kass, Robert E and Wasserman, Larry},
	      journal={Journal of the American Statistical Association},
	        volume={91},
		  number={435},
		    pages={1343--1370},
		      year={1996},
		        publisher={Taylor \& Francis Group}
}
@article{kent1982fisher,
      title={The Fisher-Bingham distribution on the sphere},
        author={Kent, John T},
          journal={Journal of the Royal Statistical Society. Series B (Methodological)},
            pages={71--80},
              year={1982},
                publisher={JSTOR}
}
@article{kent2013new,
      title={A new method to simulate the Bingham and related distributions in directional data analysis with applications},
        author={Kent, John T and Ganeiber, Asaad M and Mardia, Kanti V},
          journal={arXiv preprint arXiv:1310.8110},
            year={2013}
}
@article{koop1994rank,
      title={Rank-ordered logit models: An empirical analysis of Ontario voter preferences},
        author={Koop, Gary and Poirier, DJ},
          journal={Journal of Applied Econometrics},
            volume={9},
              number={4},
                pages={369--388},
                  year={1994},
                    publisher={Wiley Online Library}
}
@article{kuhnert2010guide,
      title={A guide to eliciting and using expert knowledge in Bayesian ecological models},
        author={Kuhnert, Petra M and Martin, Tara G and Griffiths, Shane P},
          journal={Ecology letters},
            volume={13},
              number={7},
                pages={900--914},
                  year={2010},
                    publisher={Wiley Online Library}
}
@article{kyung2010penalized,
      title={Penalized regression, standard errors, and Bayesian lassos},
        author={Kyung, Minjung and Gill, Jeff and Ghosh, Malay and Casella, George and others},
          journal={Bayesian Analysis},
            volume={5},
              number={2},
                pages={369--411},
                  year={2010},
                    publisher={International Society for Bayesian Analysis}
}
@article{li2010bayesian,
      title={The Bayesian elastic net},
        author={Li, Qing and Lin, Nan and others},
          journal={Bayesian Analysis},
            volume={5},
              number={1},
                pages={151--170},
                  year={2010},
                    publisher={International Society for Bayesian Analysis}
}
@article{li2015efficient,
      title={Efficient sampling methods for truncated multivariate normal and student-t distributions subject to linear inequality constraints},
        author={Li, Yifang and Ghosh, Sujit K},
          journal={Journal of Statistical Theory and Practice},
            volume={9},
              number={4},
                pages={712--732},
                  year={2015},
                    publisher={Taylor \& Francis}
}
@article{liang2008mixtures,
    author = {Feng Liang and Rui Paulo and German Molina and Merlise A Clyde and Jim O Berger},
    title = {Mixtures of g Priors for Bayesian Variable Selection},
    journal = {Journal of the American Statistical Association},
    volume = {103},
    number = {481},
    pages = {410-423},
    year = {2008},
    doi = {10.1198/016214507000001337},
}
@article{luce1959individual,
      title={Individual Choice Behavior},
        author={Luce, Duncan R},
          year={1959},
            publisher={Wiley}
}
@article{mallick2014new,
      title={A new Bayesian lasso},
        author={Mallick, Himel and Yi, Nengjun},
          journal={STATISTICS AND ITS INTERFACE},
            volume={7},
              number={4},
                pages={571--582},
                  year={2014},
                    publisher={INT PRESS BOSTON, INC PO BOX 43502, SOMERVILLE, MA 02143 USA}
}
@article{marin2012approximate,
  title={Approximate Bayesian computational methods},
  author={Marin, Jean-Michel and Pudlo, Pierre and Robert, Christian P and Ryder, Robin J},
  journal={Statistics and Computing},
  volume={22},
  number={6},
  pages={1167--1180},
  year={2012},
  publisher={Springer}
}
@article{mcculloch1994exact,
      title={An exact likelihood analysis of the multinomial probit model},
        author={McCulloch, Robert and Rossi, Peter E},
          journal={Journal of Econometrics},
            volume={64},
              number={1},
                pages={207--240},
                  year={1994},
                    publisher={Elsevier}
}
@article{mcculloch2000bayesian,
      title={A Bayesian analysis of the multinomial probit model with fully identified parameters},
        author={McCulloch, Robert E and Polson, Nicholas G and Rossi, Peter E},
          journal={Journal of Econometrics},
            volume={99},
              number={1},
                pages={173--193},
                  year={2000},
                    publisher={Elsevier}
}
@article{mcfadden1974conditional,
      title={Conditional logit analysis of qualitative choice behavior},
        author={McFadden, D},
          journal={Frontiers in Econometrics},
            pages={105--142},
              year={1974},
                publisher={Academic Press}
}
@article{mcfadden2000mixed,
      title={Mixed MNL models for discrete response},
        author={McFadden, Daniel and Train, Kenneth},
          journal={Journal of applied Econometrics},
            pages={447--470},
              year={2000},
                publisher={JSTOR}
}
@article{mckelvey1975statistical,
      title={A statistical model for the analysis of ordinal level dependent variables},
        author={McKelvey, Richard D and Zavoina, William},
          journal={Journal of mathematical sociology},
            volume={4},
              number={1},
                pages={103--120},
                  year={1975},
                    publisher={Taylor \& Francis}
}
@article{mengersen2013bayesian,
  title={Bayesian computation via empirical likelihood},
  author={Mengersen, Kerrie L and Pudlo, Pierre and Robert, Christian P},
  journal={Proceedings of the National Academy of Sciences},
  volume={110},
  number={4},
  pages={1321--1326},
  year={2013},
  publisher={National Acad Sciences}
}
@book{meyer2001eliciting,
      title={Eliciting and analyzing expert judgment: a practical guide},
        author={Meyer, Mary A and Booker, Jane M},
          volume={7},
            year={2001},
              publisher={Siam}
}
@article{miasojedow2013adaptive,
      title={An adaptive parallel tempering algorithm},
        author={Miasojedow, B{\l}a{\.z}ej and Moulines, Eric and Vihola, Matti},
          journal={Journal of Computational and Graphical Statistics},
            volume={22},
              number={3},
                pages={649--664},
                  year={2013},
                    publisher={Taylor \& Francis Group}
}
@article{mitchell1988bayesian,
  title={Bayesian variable selection in linear regression},
  author={Mitchell, Toby J and Beauchamp, John J},
  journal={Journal of the American Statistical Association},
  volume={83},
  number={404},
  pages={1023--1032},
  year={1988},
  publisher={Taylor \& Francis}
}
@book{muirhead1982aspects,
      title={Aspects of multivariate statistical theory},
        author={Muirhead, Robb J},
            year={1982},
              publisher={John Wiley \& Sons}
}
@inproceedings{murray2006,
      author={Murray, Iain and Ghahramani, Zoubin and MacKay, David},
        title={MCMC for doubly-intractable distributions},
        booktitle={Proceedings of the 22nd annual conference on uncertainty in artificial intelligence},
          pages={359--366},
            year={2006},
            publisher={AUAI Press}
}
@article{nobile1998hybrid,
      title={A hybrid Markov chain for the Bayesian analysis of the multinomial probit model},
        author={Nobile, Agostino},
          journal={Statistics and Computing},
            volume={8},
              number={3},
                pages={229--242},
                  year={1998},
                    publisher={Springer}
}
@article{o1998eliciting,
      title={Eliciting expert beliefs in substantial practical applications},
        author={O'Hagan, Anthony},
          journal={Journal of the Royal Statistical Society: Series D (The Statistician)},
            volume={47},
              number={1},
                pages={21--35},
                  year={1998},
                    publisher={Wiley Online Library}
}
@article{o2004probability,
      title={Probability is perfect, but we can't elicit it perfectly},
        author={O'Hagan, Anthony and Oakley, Jeremy E},
          journal={Reliability Engineering \& System Safety},
            volume={85},
              number={1},
                pages={239--248},
                  year={2004},
                    publisher={Elsevier}
}
@article{osborne1984application,
      title={Application of near infrared reflectance spectroscopy to the compositional analysis of biscuits and biscuit doughs},
        author={Osborne, Brian G and Fearn, Thomas and Miller, Andrew R and Douglas, Stuart},
          journal={Journal of the Science of Food and Agriculture},
            volume={35},
              number={1},
                pages={99--105},
                  year={1984},
                    publisher={Wiley Online Library}
}
@article{park2008bayesian,
      title={The bayesian lasso},
        author={Park, Trevor and Casella, George},
          journal={Journal of the American Statistical Association},
            volume={103},
              number={482},
                pages={681--686},
                  year={2008},
                    publisher={Taylor \& Francis}
}
@article{park2010guided,
      title={Guided random walk through some high dimensional problems},
        author={Park, Junyong and Ghosh, Jayanta K},
          journal={Sankhya A},
            volume={72},
              number={1},
                pages={81--100},
                  year={2010},
                    publisher={Springer}
}
@article{polson2010shrink,
  title={Shrink globally, act locally: Sparse Bayesian regularization and prediction},
  author={Polson, Nicholas G and Scott, James G},
  journal={Bayesian Statistics},
  volume={9},
  pages={501--538},
  year={2010},
  publisher={Citeseer}
}


@article{polson2013bayesian,
      title={Bayesian inference for logistic models using P{\'o}lya--Gamma latent variables},
        author={Polson, Nicholas G and Scott, James G and Windle, Jesse},
          journal={Journal of the American statistical Association},
            volume={108},
              number={504},
                pages={1339--1349},
                  year={2013},
                    publisher={Taylor \& Francis Group}
}
@article{press1978posterior,
      title={Posterior distribution for the multiple correlation coefficient with fixed regressors},
        author={Press, S James and Zellner, Arnold},
          journal={Journal of Econometrics},
            volume={8},
              number={3},
                pages={307--321},
                  year={1978},
                    publisher={Elsevier}
}
@article{roberts2007coupling,
      title={Coupling and ergodicity of adaptive Markov chain Monte Carlo algorithms},
        author={Roberts, Gareth O and Rosenthal, Jeffrey S},
          journal={Journal of applied probability},
            pages={458--475},
              year={2007},
                publisher={JSTOR}
}
@article{savage1971elicitation,
	  title={Elicitation of personal probabilities and expectations},
	    author={Savage, Leonard J},
	      journal={Journal of the American Statistical Association},
	        volume={66},
		  number={336},
		    pages={783--801},
		      year={1971},
		        publisher={Taylor \& Francis Group}
}
@article{scott2014predicting,
      title={Predicting the present with bayesian structural time series},
        author={Scott, Steven L and Varian, Hal R},
          journal={International Journal of Mathematical Modelling and Numerical Optimisation},
            volume={5},
              number={1-2},
                pages={4--23},
                  year={2014},
                    publisher={Inderscience Publishers Ltd}
}
@article{szakacs2004predicting,
      title={Predicting drug sensitivity and resistance: profiling ABC transporter genes in cancer cells},
        author={Szak{\'a}cs, Gergely and Annereau, Jean-Philippe and Lababidi, Samir and Shankavaram, Uma and Arciello, Angela and Bussey, Kimberly J and Reinhold, William and Guo, Yanping and Kruh, Gary D and Reimers, Mark},
          journal={Cancer cell},
            volume={6},
              number={2},
                pages={129--137},
                  year={2004},
                    publisher={Elsevier}
}
@article{thurstone1927law,
      title={A law of comparative judgment.},
        author={Thurstone, Louis L},
          journal={Psychological review},
            volume={34},
              number={4},
                pages={273},
                  year={1927},
                    publisher={Psychological Review Company}
}
@article{tibshirani1996regression,
      title={Regression shrinkage and selection via the lasso},
        author={Tibshirani, Robert},
          journal={Journal of the Royal Statistical Society. Series B (Methodological)},
            pages={267--288},
              year={1996},
                publisher={JSTOR}
}
@techreport{wilson1994cognitive,
      title={Cognitive factors affecting subjective probability assessment},
        author={Wilson, Alyson G},
          year={1994},
            publisher={Institute of Statistics and Decision Sciences},
      institution={Duke University}
}
@article{winkler1967assessment,
      title={The assessment of prior distributions in Bayesian analysis},
        author={Winkler, Robert L},
          journal={Journal of the American Statistical association},
            volume={62},
              number={319},
                pages={776--800},
                  year={1967},
                    publisher={Taylor \& Francis}
}
@article{yu2000bayesian,
      title={Bayesian analysis of order-statistics models for ranking data},
        author={Yu, Philip LH},
          journal={Psychometrika},
            volume={65},
              number={3},
                pages={281--299},
                  year={2000},
                    publisher={Springer}
}
@article{zellner1972assessing,
      title={On assessing informative prior distributions for regression coefficients},
        author={Zellner, A},
          journal={Unpublished mimeo},
            year={1972}
}
@article{zellner1980posterior,
      title={Posterior odds ratios for selected regression hypotheses},
        author={Zellner, Arnold and Siow, Aloysius},
          journal={Trabajos de estad{\'\i}stica y de investigaci{\'o}n operativa},
            volume={31},
              number={1},
                pages={585--603},
                  year={1980},
                    publisher={Springer}
}
@article{zellner1986assessing,
      title={On assessing prior distributions and Bayesian regression analysis with g-prior distributions},
        author={Zellner, Arnold},
          journal={Bayesian inference and decision techniques: Essays in Honor of Bruno De Finetti},
            volume={6},
              pages={233--243},
                year={1986},
                  publisher={North Holland, Amsterdam}
}

@article{zhang2018variable,
	title={Variable selection via penalized credible regions with Dirichlet--Laplace global-local shrinkage priors},
	author={Zhang, Yan and Bondell, Howard D},
	journal={Bayesian Analysis},
	volume={13},
	number={3},
	pages={823--844},
	year={2018},
	publisher={International Society for Bayesian Analysis}
}

@article{zhang2016r2d2,
      title={High Dimensional Linear Regression via the R2-D2 Shrinkage Prior},
        author={Zhang, Yan and Reich, Brian J and Bondell, Howard D},
          journal={arXiv preprint arXiv:1609.00046v2},
            year={2016}
}
@article{zou2005regularization,
      title={Regularization and variable selection via the elastic net},
        author={Zou, Hui and Hastie, Trevor},
          journal={Journal of the Royal Statistical Society: Series B (Statistical Methodology)},
            volume={67},
              number={2},
                pages={301--320},
                  year={2005},
                    publisher={Wiley Online Library}
}
@article{zou2006adaptive,
      title={The adaptive lasso and its oracle properties},
        author={Zou, Hui},
          journal={Journal of the American statistical association},
            volume={101},
              number={476},
                pages={1418--1429},
                  year={2006},
                    publisher={Taylor \& Francis}
}

@article{castillo2015bayesian,
	title={Bayesian linear regression with sparse priors},
	author={Castillo, Isma{\"e}l and Schmidt-Hieber, Johannes and van der Vaart, Aad},
	journal={The Annals of Statistics},
	volume={43},
	number={5},
	pages={1986--2018},
	year={2015},
	publisher={Institute of Mathematical Statistics}
}

@article{raskutti2011minimax,
	title={Minimax rates of estimation for high-dimensional linear regression over $\ell_q $-balls},
	author={Raskutti, Garvesh and Wainwright, Martin J and Yu, Bin},
	journal={IEEE transactions on information theory},
	volume={57},
	number={10},
	pages={6976--6994},
	year={2011},
	publisher={IEEE}
}

@article{bottolo2010evolutionary,
	title={Evolutionary stochastic search for Bayesian model exploration},
	author={Bottolo, Leonard and Richardson, Sylvia and others},
	journal={Bayesian Analysis},
	volume={5},
	number={3},
	pages={583--618},
	year={2010},
	publisher={International Society for Bayesian Analysis}
}

@article{hans2007shotgun,
	title={Shotgun stochastic search for large p regression},
	author={Hans, Chris and Dobra, Adrian and West, Mike},
	journal={Journal of the American Statistical Association},
	volume={102},
	number={478},
	pages={507--516},
	year={2007},
	publisher={Taylor \& Francis}
}


@article{ghosh2017asymptotic,
	title={Asymptotic optimality of one-group shrinkage priors in sparse high-dimensional problems},
	author={Ghosh, Prasenjit and Chakrabarti, Arijit and others},
	journal={Bayesian Analysis},
	volume={12},
	number={4},
	pages={1133--1161},
	year={2017},
	publisher={International Society for Bayesian Analysis}
}


@article{rovckova2014emvs,
	title={EMVS: The EM approach to Bayesian variable selection},
	author={Ro{\v{c}}kov{\'a}, Veronika and George, Edward I},
	journal={Journal of the American Statistical Association},
	volume={109},
	number={506},
	pages={828--846},
	year={2014},
	publisher={Taylor \& Francis}
}

@article{song2017nearly,
	title={Nearly optimal Bayesian shrinkage for high dimensional regression},
	author={Song, Qifan and Liang, Faming},
	journal={arXiv preprint arXiv:1712.08964},
	year={2017}
}



@article{rockova2015bayesian,
	title={Bayesian estimation of sparse signals with a continuous spike-and-slab prior},
	author={Rockov{\'a}, Veronika},
	journal={Submitted manuscript},
	pages={1--34},
	year={2015}
}

@article{polson2012local,
	title={Local shrinkage rules, L{\'e}vy processes and regularized regression},
	author={Polson, Nicholas G and Scott, James G},
	journal={Journal of the Royal Statistical Society: Series B (Statistical Methodology)},
	volume={74},
	number={2},
	pages={287--311},
	year={2012},
	publisher={Wiley Online Library}
}



@article{van2016conditions,
	title={Conditions for posterior contraction in the sparse normal means problem},
	author={van der Pas, SL and Salomond, J-B and Schmidt-Hieber, Johannes},
	journal={Electronic Journal of Statistics},
	volume={10},
	number={1},
	pages={976--1000},
	year={2016},
	publisher={The Institute of Mathematical Statistics and the Bernoulli Society}
}

@article{van2016many,
	title={How many needles in the haystack? Adaptive inference and uncertainty quantification for the horseshoe},
	author={van der Pas, St{\'e}phanie and Szab{\'o}, Botond and van der Vaart, Aad},
	journal={arXiv preprint arXiv:1607.01892},
	year={2016}
}
@article{carlin1991inference,
	title={{Inference for nonconjugate Bayesian models using the Gibbs sampler}},
	author={Carlin, Bradley P and Polson, Nicholas G},
	journal={Canadian Journal of Statistics},
	volume={19},
	number={4},
	pages={399--405},
	year={1991},
	publisher={Wiley Online Library}
}

@article{rovckova2018spike,
	title={The spike-and-slab lasso},
	author={Ro{\v{c}}kov{\'a}, Veronika and George, Edward I},
	journal={Journal of the American Statistical Association},
	volume={113},
	number={521},
	pages={431--444},
	year={2018},
	publisher={Taylor \& Francis}
}

@article{johnson1995continuous,
	title={Continuous Univariate Distributions, volume 2. John Wiley\&Sons},
	author={Johnson, NL and Kotz, S and Balakrishnan, N},
	journal={Inc.,},
	volume={75},
	year={1995}
}
@article{seshadri1997halphen,
	title={Halphen's laws},
	author={Seshadri, V},
	journal={Encyclopedia of statistical sciences},
	year={1997},
	publisher={Wiley Online Library}
}
@article{rossell2015non,
	title={Non-local priors for high-dimensional estimation},
	author={Rossell, David and Telesca, Donatello},
	journal={Journal of the American Statistical Association},
	number={just-accepted},
	pages={1--33},
	year={2015},
	publisher={Taylor \& Francis}
}

@book{miller2006applied,
	title={Applied asymptotic analysis},
	author={Miller, Peter David},
	volume={75},
	year={2006},
	publisher={American Mathematical Soc.}
}

@article{hahn2015decoupling,
  title={{Decoupling shrinkage and selection in Bayesian linear models: a posterior summary perspective}},
  author={Hahn, P Richard and Carvalho, Carlos M},
  journal={Journal of the American Statistical Association},
  volume={110},
  number={509},
  pages={435--448},
  year={2015},
  publisher={Taylor \& Francis}
}

@article{narisetty2014bayesian,
	title={{Bayesian variable selection with shrinking and diffusing priors}},
	author={Narisetty, Naveen Naidu and He, Xuming},
	journal={The Annals of Statistics},
	volume={42},
	number={2},
	pages={789--817},
	year={2014},
	publisher={Institute of Mathematical Statistics}
}

@inproceedings{armagan2011generalized,
	title={{Generalized beta mixtures of Gaussians}},
	author={Armagan, Artin and Clyde, Merlise and Dunson, David B},
	booktitle={{Advances in neural information processing systems}},
	pages={523--531},
	year={2011}
}

@article{zhang2017variable,
	title={Variable Selection via Penalized Credible Regions with Dirichlet--Laplace Global-Local Shrinkage Priors},
	author={Zhang, Yan and Bondell, Howard D},
	journal={Bayesian Analysis},
	year={2017},
	publisher={International Society for Bayesian Analysis}
}

@article{lan2006combined,
	title={{Combined expression trait correlations and expression quantitative trait locus mapping}},
	author={Lan, Hong and Chen, Meng and Flowers, Jessica B and Yandell, Brian S and Stapleton, Donnie S and Mata, Christine M and Mui, ET and Flowers, Matthew T and Schueler, Kathryn L and Manly, Kenneth F and others},
	journal={PLoS Genet},
	volume={2},
	number={1},
	pages={e6},
	year={2006}
}

@misc{NISTDLMF,
         key = {{\relax DLMF}},
       title = {{NIST Digital Library of Mathematical Functions}},
howpublished = {http://dlmf.nist.gov/, Release 1.0.10 of 2015-08-07},
         url = {http://dlmf.nist.gov/},
         year = {2015},
        note = {Online companion to \cite{Olver2010NHMF}}}

@book{Olver2010NHMF,
      editor = {F.~W.~J. Olver and D.~W. Lozier and R.~F. Boisvert and C.~W. Clark},
       title = {{NIST Handbook of Mathematical Functions}},
   publisher = {Cambridge University Press},
     address = {New York, NY},
        year = {2010},
        note = {Print companion to \cite{NISTDLMF}}}



@article{clarke1990information,
	title={{Information-theoretic asymptotics of Bayes methods}},
	author={Clarke, Bertrand S and Barron, Andrew R},
	journal={Information Theory, IEEE Transactions on},
	volume={36},
	number={3},
	pages={453--471},
	year={1990},
	publisher={IEEE}
}

@article{bhadra2016horseshoe+,
	title={The horseshoe+ estimator of ultra-sparse signals},
	author={Bhadra, Anindya and Datta, Jyotishka and Polson, Nicholas G and Willard, Brandon},
	journal={Bayesian Analysis},
	year={2016},
	publisher={International Society for Bayesian Analysis}
}

@book{1969special,
	title={{The Special Functions and Their Approximations: v. 1}},
	number={v. 1},
	author = {Yudell L. Luke},
	isbn={9780080955605},
	series={Mathematics in Science and Engineering},
	url={https://books.google.com/books?id=huuO6mKbVoEC},
	year={1969},
	publisher={Elsevier Science}
}


@inproceedings{teh2006collapsed,
  title={{A collapsed variational Bayesian inference algorithm for latent Dirichlet allocation},
  author={Teh, Yee W and Newman, David and Welling, Max}},
  booktitle={{Advances in neural information processing systems}},
  pages={1353--1360},
  year={2006}
}

@article{osler36easy,
  title={{An easy look at the cubic formula}},
  author={Osler, Thomas J},
  journal={Mathematics and Computer Education},
  volume={36},
  pages={287--290}
}





@article{zhou2015negative,
  title={{Negative binomial process count and mixture modeling}},
  author={Zhou, MengChu and Carin, Lawrence},
  journal={Pattern Analysis and Machine Intelligence, IEEE Transactions on},
  volume={37},
  number={2},
  pages={307--320},
  year={2015},
  publisher={IEEE}
}


@book{zwillinger2014table,
  title={{Table of integrals, series, and products}},
  author={Zwillinger, Daniel},
  year={2014},
  publisher={Elsevier}
}


@article{carvalho2010horseshoe,
  title={{The Horseshoe estimator for sparse signals}},
  author={Carvalho, Carlos M and Polson, Nicholas G and Scott, James G},
  journal={Biometrika},
  volume={97},
  pages={465--480},
  year={2010},
  publisher={Biometrika Trust}
}


@article{fields1972asymptotic,
  title={{The asymptotic expansion of the Meijer G-function}},
  author={Fields, Jerry L},
  journal={Mathematics of Computation},
  pages={757--765},
  year={1972},
  publisher={JSTOR}
}


@article{lv2009unified,
  title={{A unified approach to model selection and sparse recovery using regularized least squares}},
  author={Lv, Jinchi and Fan, Yingying},
  journal={The Annals of Statistics},
  pages={3498--3528},
  year={2009},
  publisher={JSTOR}
}

@article{kyung2010penalized,
  title={{Penalized regression, standard errors, and Bayesian lassos}},
  author={Kyung, Minjung and Gill, Jeff and Ghosh, Malay and Casella, George and others},
  journal={Bayesian Analysis},
  volume={5},
  number={2},
  pages={369--411},
  year={2010},
  publisher={International Society for Bayesian Analysis}
}

@inproceedings{teh2006collapsed,
  title={{A collapsed variational Bayesian inference algorithm for latent Dirichlet allocation}},
  author={Teh, Yee W and Newman, David and Welling, Max},
  booktitle={{Advances in neural information processing systems}},
  pages={1353--1360},
  year={2006}
}

@article{osler36easy,
  title={{An easy look at the cubic formula}},
  author={Osler, Thomas J},
  journal={Mathematics and Computer Education},
  volume={36},
  year={2002},
  pages={287--290}
}

@article{tipping2001sparse,
  title={{Sparse Bayesian learning and the relevance vector machine}},
  author={Tipping, Michael E},
  journal={The journal of machine learning research},
  volume={1},
  pages={211--244},
  year={2001},
  publisher={JMLR. org}
}

@article{george1997approaches,
  title={{Approaches for Bayesian variable selection}},
  author={George, Edward I and McCulloch, Robert E},
  journal={Statistica sinica},
  volume={7},
  number={2},
  pages={339--373},
  year={1997},
  publisher={C/O DR HC HO, INST STATISTICAL SCIENCE, ACADEMIA SINICA, TAIPEI 115, TAIWAN}
}

@incollection{akaike1998information,
  title={{Information theory and an extension of the maximum likelihood principle},
  author={Akaike, Hirotogu}},
  booktitle={{Selected Papers of Hirotugu Akaike}},
  pages={199--213},
  year={1998},
  publisher={Springer}
}

@article{schwarz1978estimating,
  title={{Estimating the dimension of a model}},
  author={Schwarz, Gideon and others},
  journal={The annals of statistics},
  volume={6},
  number={2},
  pages={461--464},
  year={1978},
  publisher={Institute of Mathematical Statistics}
}


@article{castillo2012needles,
  title={{Needles and straw in a haystack: Posterior concentration for possibly sparse sequences}},
  author={Castillo, Isma{\"e}l and van der Vaart, Aad},
  journal={The Annals of Statistics},
  volume={40},
  number={4},
  pages={2069--2101},
  year={2012},
  publisher={Institute of Mathematical Statistics}
}




@article{efron2004least,
  title={{Least angle regression}},
  author={Efron, Bradley and Hastie, Trevor and Johnstone, Iain and Tibshirani, Robert and others},
  journal={The Annals of statistics},
  volume={32},
  number={2},
  pages={407--499},
  year={2004},
  publisher={Institute of Mathematical Statistics}
}

@article{tibshirani1996regression,
  title={{Regression shrinkage and selection via the lasso}},
  author={Tibshirani, Robert},
  journal={Journal of the Royal Statistical Society. Series B (Methodological)},
  pages={267--288},
  year={1996},
  publisher={JSTOR}
}

@article{hans2009bayesian,
  title={{Bayesian lasso regression}},
  author={Hans, Chris},
  journal={Biometrika},
  volume={96},
  number={4},
  pages={835--845},
  year={2009},
  publisher={Biometrika Trust}
}


@article{hans2010model,
  title={{Model uncertainty and variable selection in Bayesian lasso regression}},
  author={Hans, Chris},
  journal={Statistics and Computing},
  volume={20},
  number={2},
  pages={221--229},
  year={2010},
  publisher={Springer}
}
@article{fan2001variable,
  title={{Variable selection via nonconcave penalized likelihood and its oracle properties}},
  author={Fan, Jianqing and Li, Runze},
  journal={Journal of the American Statistical Association},
  volume={96},
  number={456},
  pages={1348--1360},
  year={2001},
  publisher={Taylor \& Francis}
}


@article{zou2005regularization,
  title={{Regularization and variable selection via the elastic net}},
  author={Zou, Hui and Hastie, Trevor},
  journal={Journal of the Royal Statistical Society: Series B (Statistical Methodology)},
  volume={67},
  number={2},
  pages={301--320},
  year={2005},
  publisher={Wiley Online Library}
}


@article{zou2006adaptive,
  title={{The adaptive lasso and its oracle properties}},
  author={Zou, Hui},
  journal={Journal of the American statistical association},
  volume={101},
  number={476},
  pages={1418--1429},
  year={2006},
  publisher={Taylor \& Francis}
}


@article{bondell2008simultaneous,
  title={{Simultaneous regression shrinkage, variable selection, and supervised clustering of predictors with OSCAR}},
  author={Bondell, Howard D and Reich, Brian J},
  journal={Biometrics},
  volume={64},
  number={1},
  pages={115--123},
  year={2008},
  publisher={Wiley Online Library}
}


@article{candes2007dantzig,
  title={{The Dantzig selector: Statistical estimation when p is much larger than n},
  author={Candes, Emmanuel and Tao, Terence}},
  journal={The Annals of Statistics},
  pages={2313--2351},
  year={2007},
  publisher={JSTOR}
}


@article{george1993variable,
  title={{Variable selection via Gibbs sampling}},
  author={George, Edward I and McCulloch, Robert E},
  journal={Journal of the American Statistical Association},
  volume={88},
  number={423},
  pages={881--889},
  year={1993},
  publisher={Taylor \& Francis Group}
}


@article{george2000calibration,
  title={{Calibration and empirical Bayes variable selection}},
  author={George, EdwardI and Foster, Dean P},
  journal={Biometrika},
  volume={87},
  number={4},
  pages={731--747},
  year={2000},
  publisher={Biometrika Trust}
}


@article{ishwaran2005spike,
  title={{Spike and slab variable selection: Frequentist and Bayesian strategies}},
  author={Ishwaran, Hemant and Rao, J Sunil},
  journal={Annals of Statistics},
  pages={730--773},
  year={2005},
  publisher={JSTOR}
}




@inproceedings{carvalho2009handling,
  title={{Handling sparsity via the horseshoe}},
  author={Carvalho, Carlos M and Polson, Nicholas G and Scott, James G},
  booktitle={{International Conference on Artificial Intelligence and Statistics}},
  pages={73--80},
  year={2009}
}



@article{armagan2013generalized,
  title={{Generalized double Pareto shrinkage}},
  author={Armagan, Artin and Dunson, David B and Lee, Jaeyong},
  journal={Statistica Sinica},
  volume={23},
  number={1},
  pages={119},
  year={2013},
  publisher={NIH Public Access}
}

@article{griffin2010inference,
  title={{Inference with normal-gamma prior distributions in regression problems}},
  author={Griffin, Jim E and Brown, Philip J},
  journal={Bayesian Analysis},
  volume={5},
  number={1},
  pages={171--188},
  year={2010},
  publisher={International Society for Bayesian Analysis}
}




@article{gelman2006prior,
  title={{Prior distributions for variance parameters in hierarchical models (comment on article by Browne and Draper)}},
  author={Gelman, Andrew and others},
  journal={Bayesian analysis},
  volume={1},
  number={3},
  pages={515--534},
  year={2006},
  publisher={International Society for Bayesian Analysis}
}


@inproceedings{hoeting2002methodology,
  title={{Methodology for Bayesian model averaging: an update},
  author={Hoeting, Jennifer A}},
  booktitle={{International Biometrics Conference Proceedings}},
  year={2002}
}


@article{kuo1998variable,
  title={{Variable selection for regression models}},
  author={Kuo, Lynn and Mallick, Bani},
  journal={Sankhy{\=a}: The Indian Journal of Statistics, Series B},
  pages={65--81},
  year={1998},
  publisher={JSTOR}
}


@article{dellaportas2002bayesian,
  title={{On Bayesian model and variable selection using MCMC}},
  author={Dellaportas, Petros and Forster, Jonathan J and Ntzoufras, Ioannis},
  journal={Statistics and Computing},
  volume={12},
  number={1},
  pages={27--36},
  year={2002},
  publisher={Springer}
}


@article{o2009review,
  title={{A review of Bayesian variable selection methods: what, how and which}},
  author={O'Hara, Robert B and Sillanp{\"a}{\"a}, Mikko J and others},
  journal={Bayesian analysis},
  volume={4},
  number={1},
  pages={85--117},
  year={2009},
  publisher={International Society for Bayesian Analysis}
}

@article{park2008bayesian,
  title={{The Bayesian lasso}},
  author={Park, Trevor and Casella, George},
  journal={Journal of the American Statistical Association},
  volume={103},
  number={482},
  pages={681--686},
  year={2008},
  publisher={Taylor \& Francis}
}


@article{polson2013bayesian,
  title={{The Bayesian Bridge}},
  author={Polson, Nicholas G and Scott, James G and Windle, Jesse},
  journal={Journal of the Royal Statistical Society: Series B (Statistical Methodology)},
  year={2013},
  publisher={Wiley Online Library}
}


@article{leng2014bayesian,
  title={{Bayesian adaptive lasso}},
  author={Leng, Chenlei and Tran, Minh-Ngoc and Nott, David},
  journal={Annals of the Institute of Statistical Mathematics},
  volume={66},
  number={2},
  pages={221--244},
  year={2014},
  publisher={Springer}
}


@article{li2010bayesian,
  title={{The Bayesian elastic net}},
  author={Li, Qing and Lin, Nan and others},
  journal={Bayesian Analysis},
  volume={5},
  number={1},
  pages={151--170},
  year={2010},
  publisher={International Society for Bayesian Analysis}
}




@book{fan1989behavior,
  title={{Behavior of the posterior distribution and inferences for a normal mean with t prior distributions}},
  author={Fan, Tsai-Hung and Berger, James O},
  year={1989},
  publisher={Purdue University. Department of Statistics}
}
