@article{zhang2022bayesian,
  title={Bayesian regression using a prior on the model fit: The R2-D2 shrinkage prior},
  author={Zhang, Yan Dora and Naughton, Brian P and Bondell, Howard D and Reich, Brian J},
  journal={Journal of the American Statistical Association},
  volume={117},
  number={538},
  pages={862--874},
  year={2022},
  publisher={Taylor \& Francis}
}


@article{hodges2001counting,
  title={Counting degrees of freedom in hierarchical and other richly-parameterised models},
  author={Hodges, James S and Sargent, Daniel J},
  journal={Biometrika},
  volume={88},
  number={2},
  pages={367--379},
  year={2001},
  publisher={Oxford University Press}
}

@article{simpson2017penalising,
  title={Penalising model component complexity: A principled, practical approach to constructing priors},
  author={Simpson, Daniel and Rue, H{\aa}vard and Riebler, Andrea and Martins, Thiago G and S{\o}rbye, Sigrunn H and others},
  journal={Statistical science},
  volume={32},
  number={1},
  pages={1--28},
  year={2017},
  publisher={Institute of Mathematical Statistics}
}

@book{hastie2017generalized,
  title={Generalized Additive Models},
  author={Hastie, Trevor J},
  year={2017},
  publisher={Routledge}
}

@article{diggle1998model,
  title={Model-based geostatistics},
  author={Diggle, Peter J and Tawn, Jonathan A and Moyeed, Rana A},
  journal={Journal of the Royal Statistical Society: Series C (Applied Statistics)},
  volume={47},
  number={3},
  pages={299--350},
  year={1998},
  publisher={Wiley Online Library}
}


@book{gelman2006data,
  title={Data analysis using regression and multilevel/hierarchical models},
  author={Gelman, Andrew and Hill, Jennifer},
  year={2006},
  publisher={Cambridge University Press}
}

@article{klein2021bayesian,
  title={Bayesian effect selection in structured additive distributional regression models},
  author={Klein, Nadja and Carlan, Manuel and Kneib, Thomas and Lang, Stefan and Wagner, Helga},
  journal={Bayesian Analysis},
  volume={16},
  number={2},
  pages={545--573},
  year={2021},
  publisher={International Society for Bayesian Analysis}
}

@article{hem2021makemyprior,
  title={makemyprior: Intuitive Construction of Joint Priors for Variance Parameters in R},
  author={Hem, Ingeborg Gullikstad and Fuglstad, Geir-Arne and Riebler, Andrea},
  journal={arXiv preprint arXiv:2105.09712},
  year={2021}
}

@article{nagelkerke1991note,
  title={A note on a general definition of the coefficient of determination},
  author={Nagelkerke, Nico JD and others},
  journal={Biometrika},
  volume={78},
  number={3},
  pages={691--692},
  year={1991},
  publisher={Oxford University Press}
}


@article{gelmanf2019r,
  title={{R-squared for Bayesian regression models}},
  author={Gelman, Andrew and Goodrich, Ben and Gabry, Jonah and Vehtari, Aki},
  journal={The American Statistician},
  volume={73},
  number={3},
  pages={307--309},
  year={2019},
  publisher={Taylor \& Francis}
}

@article{Morokoff1995,
title = {{Quasi-Monte Carlo integration}},
journal = {Journal of Computational Physics},
volume = {122},
number = {2},
pages = {218-230},
year = {1995},
author = {William J. Morokoff and Russel E. Caflisch}
}

@article{Perez::2007aa,
author = {Perez, Maria-Eglée and Pericchi, Luis and Ramirez, Isabel},
year = {2017},
month = {09},
pages = {615 - 637},
title = {{The scaled Beta2 distribution as a robust prior for scales}},
volume = {12},
journal = {Bayesian Analysis}
}

@article{bai::2021aa,
  title={On the beta prime prior for Scale Parameters in High-Dimensional Bayesian Regression models},
  author={Bai, Ray and Ghosh, Malay},
volume = {31},
journal = {Statistica Sinica},
number = {3},
pages = {1 -- 23},
year = {2021}
}

@article{Gelman2006::cauchy,
author = {Andrew Gelman},
title = {{Prior distributions for variance parameters in hierarchical models (comment on article by Browne and Draper)}},
volume = {1},
journal = {Bayesian Analysis},
number = {3},
publisher = {International Society for Bayesian Analysis},
pages = {515 -- 534},
keywords = {Bayesian inference, conditional conjugacy, folded-noncentral-$t$ distribution, half-$t$ distribution, hierarchical model, multilevel model, noninformative prior distribution, weakly informative prior distribution},
year = {2006}
}


@article{Jeffrey::1946,
   title={{An invariant form for the prior probability in estimation problems}},
   volume = {186},
number = {1007},
pages = {453 -- 461},
   journal={Proceedings of the Royal Society of London. Series A. Mathematical and Physical Sciences},
   author={Jeffreys, Harold.},
   year={1946}
}

@article{carvalho2010,
    author = {Carvalho, Carlos M. and Polson, Nicholas G. and Scott, James G.},
    title = "{The horseshoe estimator for sparse signals}",
    journal = {Biometrika},
    volume = {97},
    number = {2},
    pages = {465-480},
    year = {2010},
    month = {04},
    issn = {0006-3444}
}

@inproceedings{renyi1961,
  title={On measures of entropy and information},
  author={R{\'e}nyi, Alfr{\'e}d},
  booktitle={Proceedings of the Fourth Berkeley Symposium on Mathematical Statistics and Probability, Volume 1: Contributions to the Theory of Statistics},
  pages={547--561},
  year={1961},
  organization={University of California Press}
}

@article{plummer2016,
  title={Package ‘rjags’},
  author={Plummer, Martyn and Stukalov, Alexey and Denwood, Matt and Plummer, Maintainer Martyn},
  journal={Vienna, Austria},
  year={2016}
}

@article{carpenter2017,
  title={{Stan: A probabilistic programming language}},
  author={Carpenter, Bob and Gelman, Andrew and Hoffman, Matthew D and Lee, Daniel and Goodrich, Ben and Betancourt, Michael and Brubaker, Marcus and Guo, Jiqiang and Li, Peter and Riddell, Allen},
  journal={Journal of Statistical Software},
  volume={76},
  number={1},
  pages={1--32},
  year={2017}
}

@article{berger2006,
author = {James Berger},
title = {{The case for objective Bayesian analysis}},
volume = {1},
journal = {Bayesian Analysis},
number = {3},
publisher = {International Society for Bayesian Analysis},
pages = {385 -- 402},
keywords = {coherency, data dependent priors, elicitation, frequentist validation, History of objective Bayes, Information, Invariance, Jeffreys priors, marginalization paradox, matching priors, reference priors, Subjective Bayes, unification of statistics, vague proper priors},
year = {2006}
}

@article{bernardo1979,
  title={{Reference posterior distributions for Bayesian inference}},
  author={Bernardo, Jose M},
  journal={Journal of the Royal Statistical Society: Series B (Methodological)},
  volume={41},
  number={2},
  pages={113--128},
  year={1979},
  publisher={Wiley Online Library}
}

@article{berger2009,
  title={The formal definition of reference priors},
  author={Berger, James O and Bernardo, Jos{\'e} M and Sun, Dongchu},
  journal={The Annals of Statistics},
  volume={37},
  number={2},
  pages={905--938},
  year={2009},
  publisher={Institute of Mathematical Statistics}
}

@article{zellner1986,
  title={Bayesian estimation and prediction using asymmetric loss functions},
  author={Zellner, Arnold},
  journal={Journal of the American Statistical Association},
  volume={81},
  number={394},
  pages={446--451},
  year={1986},
  publisher={Taylor \& Francis}
}

@article{liang2008,
  title={{Mixtures of g priors for Bayesian variable selection}},
  author={Liang, Feng and Paulo, Rui and Molina, German and Clyde, Merlise A and Berger, Jim O},
  journal={Journal of the American Statistical Association},
  volume={103},
  number={481},
  pages={410--423},
  year={2008},
  publisher={Taylor \& Francis}
}

@article{lindley1957,
  title={A statistical paradox},
  author={Lindley, Dennis V},
  journal={Biometrika},
  volume={44},
  number={1/2},
  pages={187--192},
  year={1957},
  publisher={JSTOR}
}

@article{bhadra2017,
  title={The horseshoe+ estimator of ultra-sparse signals},
  author={Bhadra, Anindya and Datta, Jyotishka and Polson, Nicholas G and Willard, Brandon},
  journal={Bayesian Analysis},
  volume={12},
  number={4},
  pages={1105--1131},
  year={2017},
  publisher={International Society for Bayesian Analysis}
}

@article{bhattacharya2015,
  title={{Dirichlet--Laplace priors for optimal shrinkage}},
  author={Bhattacharya, Anirban and Pati, Debdeep and Pillai, Natesh S and Dunson, David B},
  journal={Journal of the American Statistical Association},
  volume={110},
  number={512},
  pages={1479--1490},
  year={2015},
  publisher={Taylor \& Francis}
}

@article{rovckova2018,
  title={The spike-and-slab lasso},
  author={Ro{\v{c}}kov{\'a}, Veronika and George, Edward I},
  journal={Journal of the American Statistical Association},
  volume={113},
  number={521},
  pages={431--444},
  year={2018},
  publisher={Taylor \& Francis}
}

@article{george1993,
  title={{Variable selection via Gibbs sampling}},
  author={George, Edward I and McCulloch, Robert E},
  journal={Journal of the American Statistical Association},
  volume={88},
  number={423},
  pages={881--889},
  year={1993},
  publisher={Taylor \& Francis}
}

@article{park2008,
  title={{The Bayesian lasso}},
  author={Park, Trevor and Casella, George},
  journal={Journal of the American Statistical Association},
  volume={103},
  number={482},
  pages={681--686},
  year={2008},
  publisher={Taylor \& Francis}
}

@article{hans2009,
  title={Bayesian lasso regression},
  author={Hans, Chris},
  journal={Biometrika},
  volume={96},
  number={4},
  pages={835--845},
  year={2009},
  publisher={Oxford University Press}
}

@article{ribeiro2007geor,
  title={{The geoR package}},
  author={Ribeiro Jr, Paulo J and Diggle, Peter J and Ribeiro Jr, Maintainer Paulo J and Suggests, MASS},
  journal={R news},
  volume={1},
  number={2},
  pages={14--18},
  year={2007}
}

@article{thomson1999predicting,
  title={Predicting malaria infection in Gambian children from satellite data and bed net use surveys: the importance of spatial correlation in the interpretation of results.},
  author={Thomson, Madeleine C and Connor, Stephen J and D'Alessandro, Umberto and Rowlingson, Barry and Diggle, Peter and Cresswell, Mark and Greenwood, Brian},
  journal={The American Journal of Tropical Medicine and Hygiene},
  volume={61},
  number={1},
  pages={2--8},
  year={1999},
  publisher={The American Society of Tropical Medicine and Hygiene}
}

@misc{winbugs,
  title={WinBUGS user manual},
  author={Spiegelhalter, David and Thomas, Andrew and Best, Nicky and Lunn, Dave},
  year={2003},
  publisher={Citeseer}
}

@inproceedings{Polson2012shrinkage,
  title={Shrink Globally, Act Locally: Sparse Bayesian Regularization and Prediction},
  author={Nicholas G. Polson and James G. Scott and Bertrand S. Clarke and Cody Severinski},
  year={2012}
}

@article{zhang2018,
author = {Yan Zhang and Howard D. Bondell},
title = {{Variable Selection via Penalized Credible Regions with Dirichlet–Laplace Global-Local Shrinkage Priors}},
volume = {13},
journal = {Bayesian Analysis},
number = {3},
publisher = {International Society for Bayesian Analysis},
pages = {823 -- 844},
keywords = {Dirichlet–Laplace, global-local shrinkage prior, hyperparameter tuning, posterior consistency, posterior credible region, Variable selection},
year = {2018},
doi = {10.1214/17-BA1076}
}

@article{polson2012bb,
author = {Nicholas G. Polson and James G. Scott},
title = {{On the Half-Cauchy Prior for a Global Scale Parameter}},
volume = {7},
journal = {Bayesian Analysis},
number = {4},
publisher = {International Society for Bayesian Analysis},
pages = {887 -- 902},
keywords = {hierarchical models, normal scale mixtures, shrinkage},
year = {2012},
doi = {10.1214/12-BA730}
}

@book{coles2001introduction,
  title={An introduction to statistical modeling of extreme values},
  author={Coles, Stuart and Bawa, Joanna and Trenner, Lesley and Dorazio, Pat},
  volume={208},
  year={2001},
  publisher={Springer}
}

@book{searle2009variance,
  title={Variance Components},
  author={Searle, Shayle R and Casella, George and McCulloch, Charles E},
  year={2009},
  publisher={John Wiley \& Sons}
}

@inproceedings{carvalho2009handling,
  title={Handling sparsity via the horseshoe},
  author={Carvalho, Carlos M and Polson, Nicholas G and Scott, James G},
  booktitle={Artificial Intelligence and Statistics},
  pages={73--80},
  year={2009},
  organization={PMLR}
}

@article{lewis2012introduction,
  title={Introduction to genetic association studies},
  author={Lewis, Cathryn M and Knight, Jo},
  journal={Cold Spring Harbor Protocols},
  volume={2012},
  number={3},
  pages={pdb--top068163},
  year={2012},
  publisher={Cold Spring Harbor Laboratory Press}
}

@article{zhang2004inconsistent,
  title={Inconsistent estimation and asymptotically equal interpolations in model-based geostatistics},
  author={Zhang, Hao},
  journal={Journal of the American Statistical Association},
  volume={99},
  number={465},
  pages={250--261},
  year={2004},
  publisher={Taylor \& Francis}
}

@article{hamura2022global,
  title={On global-local shrinkage priors for count data},
  author={Hamura, Yasuyuki and Irie, Kaoru and Sugasawa, Shonosuke},
  journal={Bayesian Analysis},
  volume={17},
  number={2},
  pages={545--564},
  year={2022},
  publisher={International Society for Bayesian Analysis}
}

@article{lindgren2015bayesian,
  title={{Bayesian spatial modelling with R-INLA}},
  author={Lindgren, Finn and Rue, H{\aa}vard},
  journal={Journal of statistical software},
  volume={63},
  number={19},
  year={2015},
  publisher={University of California at Los Angeles}
}

@article{perou2000molecular,
  title={Molecular portraits of human breast tumours},
  author={Perou, Charles M and S{\o}rlie, Therese and Eisen, Michael B and Van De Rijn, Matt and Jeffrey, Stefanie S and Rees, Christian A and Pollack, Jonathan R and Ross, Douglas T and Johnsen, Hilde and Akslen, Lars A and others},
  journal={nature},
  volume={406},
  number={6797},
  pages={747--752},
  year={2000},
  publisher={Nature Publishing Group UK London}
}

@article{perez2003prediction,
  title={Prediction of clinical outcome with microarray data: a partial least squares discriminant analysis (PLS-DA) approach},
  author={P{\'e}rez-Enciso, Miguel and Tenenhaus, Michel},
  journal={Human genetics},
  volume={112},
  pages={581--592},
  year={2003},
  publisher={Springer}
}

@article{rohart2017mixomics,
  title={mixOmics: An R package for ‘omics feature selection and multiple data integration},
  author={Rohart, Florian and Gautier, Beno{\^\i}t and Singh, Amrit and L{\^e} Cao, Kim-Anh},
  journal={PLoS computational biology},
  volume={13},
  number={11},
  pages={e1005752},
  year={2017},
  publisher={Public Library of Science San Francisco, CA USA}
}


@book{cox1989analysis,
  title={Analysis of binary data},
  author={Cox, David R. and Snell, E. Joyce},
  year={1989},
  publisher={Chapman \& Hall}
}

@article{mcfadden1973conditional,
  title={Conditional logit analysis of qualitative choice behavior},
  author={McFadden, Daniel},
  year={1973}
}

@article{fuglstad2020intuitive,
  title={Intuitive joint priors for variance parameters},
  author={Fuglstad, Geir-Arne and Hem, Ingeborg Gullikstad and Knight, Alexander and Rue, H{\aa}vard and Riebler, Andrea},
  journal = {{Bayesian Analysis}},
  year={2020}
}
